@misc{gh:tikzpingus,
  author = {Florian Sihler},
  title  = {\LaTeX-Package, tikzpingus},
  url    = {https://github.com/EagleoutIce/tikzpingus},
  year   = {2021}
}

@misc{gh:recursion,
  author = {Florian Sihler},
  title  = {Rekursion, Java-Stack \& -Heap},
  url    = {https://github.com/EagleoutIce/Episode-Recursion},
  year   = {2021}
}

@misc{gh:heaps,
  author = {Florian Sihler},
  title  = {Die Datenstruktur Heap},
  url    = {https://github.com/EagleoutIce/Episode-Heaps},
  year   = {2021}
}
